@preamble{
    "\newcommand{\noopsort}[1]{} "
	# "\newcommand{\printfirst}[2]{#1} "
	# "\newcommand{\singleletter}[1]{#1} "
	# "\newcommand{\switchargs}[2]{#2#1} "
}

@book{Geers,
  title="Micro Frontends in Action",
  author="Michael Geers",
  year="2020",
  publisher="Manning Publications",
  pages="296",
  isbn="1617296872, 9781617296871"
}

@book{Richardson,
  title="Microservices Patterns: With examples in Java",
  author="Chris Richardson",
  year="2018",
  publisher="Manning Publications",
  pages="520",
  isbn="9781638356325, 1638356327"
}

@book{Mezzalira,
  title="Building Micro-Frontends",
  author="Luca Mezzalira",
  year="2021",
  publisher="O'Reilly Media, Inc.",
  pages="336",
  isbn="1492082961, 9781492082965"
}

@book{Newman,
  title="Building Microservices",
  author="Sam Newman",
  year="2021",
  publisher="O'Reilly Media, Inc.",
  pages="616",
  isbn="1492033995, 9781492033998"
}

@article{Pavlenko,
  title="Micro-frontends: application of microservices to web front-ends",
  author="Pavlenko, Andrei and Askarbekuly, Nursultan and Megha, Swati and Mazzara, Manuel",
  journal="Journalof Internet Services and Information Security",
  year="2020",
  volume="10",
  pages="49--66",
  doi="https://doi.org/10.22667/JISIS.2020.05.31.049",
}

@article{Peltonen,
  title="Motivations, benefits, and issues for adopting Micro-Frontends: A Multivocal Literature Review",
  author="Severi Peltonen and Luca Mezzalira and Davide Taibi",
  journal="Information and Software Technology",
  year="2021",
  volume="136",
  pages="106571",
  doi="https://doi.org/10.1016/j.infsof.2021.106571",
}

@article{Blinowski,
  title="Monolithic vs. Microservice Architecture: A Performance and Scalability Evaluation",
  author="Blinowski, Grzegorz and Ojdowska, Anna and Przybyłek, Adam",
  journal="IEEE Access",
  year="2022",
  volume="10",
  pages="20357-20374",
  doi="https://doi.org/10.1109/ACCESS.2022.3152803",
}

@article{Savani,
  title="The Future of Web Development: An In-depth Analysis of Micro-Frontend Approaches",
  author="Savani, Nilesh",
  journal="International Journal of Computer Trends and Technology",
  year="2023",
  pages="65-69",
  doi="https://doi.org/10.14445/22312803/IJCTT-V71I11P109",
}

@article{Salaheddin,
  title="Microservices vs. Monolithic Architectures (The Differential Structure Between Two Architectures)",
  author="Salaheddin, Nada and Ahmed, Nuredin",
  journal="MINAR International Journal of Applied Sciences and Technology",
  year="2022",
  volume="4",
  pages="484-490",
  doi="https://doi.org/10.47832/2717-8234.12.47",
}

@mastersthesis{Montelius,
  title="An Exploratory Study of Micro Frontends",
  author="Montelius, Anna",
  school="Linköping University, Software and Systems",
  year="2021",
  pages="88",
  howpublished="\url{https://liu.diva-portal.org/smash/record.jsf?pid=diva2%3A1570726&dswid=1516}",
}

@misc{Radar,
  title="Thoughtworks 'Technology radar: Micro frontends'",
  howpublished="\url{https://www.thoughtworks.com/radar/techniques/micro-frontends}",
  year="2016",
  note="Accessed: 2024-09-10"
}

@misc{Fowler,
  title="Microservices",
  author="Martin Fowler and James Lewis",
  howpublished="\url{https://martinfowler.com/articles/microservices.html}",
  year="2014",
  note="Accessed: 2024-04-04"
}

@misc{Jackson,
  title="Micro Frontends",
  author="Cam Jackson",
  howpublished="\url{https://martinfowler.com/articles/micro-frontends.html}",
  year="2019",
  note="Accessed: 2024-05-12"
}

@misc{Angular,
  title="Angular",
  howpublished="\url{https://angular.dev/}",
  year="2025",
  note="Accessed: 2025-02-01"
}

@misc{React,
  title="React",
  howpublished="\url{https://react.dev/}",
  year="2025",
  note="Accessed: 2025-01-28"
}

@misc{iFrame,
  title="<iframe>: The Inline Frame element",
  howpublished="\url{https://developer.mozilla.org/en-US/docs/Web/HTML/Element/iframe}",
  year="2024",
  note="Accessed: 2024-11-30"
}

@misc{Ajax,
  title="Ajax",
  howpublished="\url{https://developer.mozilla.org/en-US/docs/Glossary/AJAX}",
  year="2024",
  note="Accessed: 2024-11-26"
}